% This file was created with Citavi 6.11.0.0


@misc{.bahn-bonn,
	year = {8/4/2022},
	title = {Corona macht rücksichtsvoller: Thema Gesundheit bei den Deutschen immer wichtiger},
	url = {https://www.bah-bonn.de/presse/bah-gesundheitsmonitor/presse-detailseite/corona-macht-ruecksichtsvoller-thema-gesundheit-bei-den-deutschen-immer-wichtiger/},
	address = {Berlin},
	urldate = {20.08.2022}
}


@misc{.adhoc,
	abstract = {Patienten sind immer interessierter an{\&}nbsp;Gesundheitsthemen. Fast jeder zweite Deutsche (44 Prozent) gibt an, sich heutzutage h{\"a}ufiger {\"u}ber Gesundheitsthemen zu informieren, als es noch vor zwei bis drei Jahren der Fall war. Nur jeder Siebte informiert sich seltener (15 Prozent). Besonders intersessiert an Gesundheitstehmen sind demnach{\&}nbsp;Frauen. Das ist das Ergebnis der repr{\"a}sentativen Umfrage des deutschen Gesundheitsmonitors des Bundesverbandes der Arzneimittel-Hersteller e.V. (BAH) im zweiten Quartal 2017.},
	author = {Adhoc, Apotheke},
	year = {8/4/2022},
	title = {Patienten-Interesse an Gesundheit steigt},
	url = {https://www.apotheke-adhoc.de/nachrichten/detail/politik/patienten-interesse-an-gesundheit-steigt-bah-gesundheitsmonitor/},
	urldate = {8/4/2022}
}

@misc{.ebm,
	abstract = {als differentialdiagnostisches Tool in ärztlicher Hand,
	wenn man bei unklaren Beschwerden nicht weiter-
	kommt, hinter denen möglicherweise eine seltene
	Erkrankung stecken könnte, auf die der arzt aufgrund
	von Wissensdefiziten nicht kommt.},
	author = {Andreas, Prof. Dr. Sönnichsen},
	year = {09/2019},
	title = {Fluch oder Segen? Symptom Checker und Diagnostik-Apps},
	url = {https://www.ebm-netzwerk.de/de/medien/pdf/ebm-kolumne-09_19.pdf},
}

@misc{.flutter,
	abstract = {Frequently asked questions and answers about Flutter.},
	editor = {Flutter},
	year = {17.08.2022},
	title = {FAQ: Should I build my next production app with Flutter?},
	url = {https://docs.flutter.dev/resources/faq#what-is-flutter},
	urldate = {20.08.2022}
}


@misc{.ibis,
	abstract = {Expert industry market research to help you make better business decisions, faster. Industry market research reports, statistics, analysis, data, trends and forecasts.},
	editor = {IBISWorld},
	year = {02.07.2021},
	title = {Gesundheitsbewusstsein},
	url = {https://www.ibisworld.com/de/bed/gesundheitsbewusstsein/409/},
	urldate = {20.08.2022}
}


@misc{.rki,
	abstract = {Regionale Verteilung der COVID-19-Fälle weltweit},
	author = {{Rober Koch Institut}},
	editor = {{Robert Koch Institut}},
	year = {19.08.2022},
	title = {COVID-19: Fallzahlen in Deutschland und weltwei: Fallzahlen in Deutschland},
	url = {https://www.rki.de/DE/Content/InfAZ/N/Neuartiges_Coronavirus/Fallzahlen.html},
	keywords = {China;Coronavirus;Hubei;Hygiene;nCoV;neuartiges Coronavirus;Risikogebiet;Wuhan},
	urldate = {20.08.2022}
}


@article{.sok,
	abstract = {Patientenstopp, {\"U}berbelastung, Zutrittsverbot: Immer wieder werden Patienten in der Pandemie~von Hausarztpraxen abgewiesen - zum Auskurieren ohne Behandlung.},
	author = {Senada, Sokollu},
	year = {5/1/2022},
	title = {{\"U}berforderung der Arztpraxen: Corona-{\"U}berlastung: Patienten schildern Grenzsituationen bei Haus{\"a}rzten},
	url = {https://www.swr.de/swraktuell/baden-wuerttemberg/patienten-im-stich-gelassen-in-corona-zeiten-100.html},
	urldate = {8/4/2022},
	journal = {SWR Aktuell},
	file = {Corona-Uberlastung Patienten schildern Grenzsituationen:Attachments/Corona-Uberlastung Patienten schildern Grenzsituationen.pdf:application/pdf}
}


@misc{.uni,
	editor = {{Universit{\"a}tsklinikum T{\"u}bingen}},
	title = {CHECK.APP},
	url = {https://www.medizin.uni-tuebingen.de/de/das-klinikum/einrichtungen/institute/allgemeinmedizin/forschung/versorgungsforschung-allgemeinmedizin/check-app},
	urldate = {20.08.2022}
}


@misc{.adaDOCU,
	abstract = {Developer tools for the Ada Brand Interaction Platform. Conversational AI and personalized CX for enterprises.},
	author = {{Ada Developer Documentation}},
	year = {12/27/2022},
	title = {Ada Developer Documentation},
	url = {https://developers.ada.cx/},
	urldate = {12/27/2022}
}


@misc{.blatt,
	abstract = {Berlin -- Das leichte Wachstum bei der Zahl der {\"A}rztinnen und {\"A}rzte reichte bei weitem nicht aus, um den Behandlungsbedarf einer Gesellschaft des langen Lebens... {\#}BAEK {\#}Aerztemangel},
	author = {{Deutscher {\"A}rzteverlag GmbH, Redaktion Deutsches {\"A}rzteblatt}},
	year = {2022},
	title = {Bundes{\"a}rztekammer warnt vor {\"A}rztemangel},
	url = {https://www.aerzteblatt.de/nachrichten/134020/Bundesaerztekammer-warnt-vor-Aerztemangel},
	keywords = {{\"A}rztemangel;{\"A}rzteschaft;{\"A}rztestatistik;Nachrichten},
	urldate = {12/27/2022}
}


@misc{.adaHOME,
	abstract = {Hallo. Wir sind Ada. Unsere App hilft Menschen dabei sich um ihre Gesundheit zu k{\"u}mmern. Mit unseren Partnern innovieren wir das Gesundheitswesen dank unserer Enterprise Solutions. Wie k{\"o}nnen wir Dir helfen?},
	author = {Ada},
	year = {12/27/2022},
	title = {Health. Powered by Ada},
	url = {https://ada.com/de/},
	urldate = {12/27/2022}
}


@misc{.adaFAQ,
	abstract = {F{\"u}r alle gesch{\"a}ftliche Anfragen kontaktiere uns bitte {\"u}ber das Kontaktformular auf unserer Website.},
	author = {Ada},
	year = {12/27/2022},
	title = {Bietet ihr API oder SDK an?},
	url = {https://ada.com/de/help/360000309665/},
	urldate = {12/27/2022}
}

@misc{.adaKI,
	abstract = {Hinter Adas Power steckt eine ma{\ss}geschneiderte KI-Technologie, die unser Expertenteam aus {"A}rzten und Wissenschaftlern {"u}ber sieben Jahre entwickelt hat. Mit$\ldots$},
	author = {Ada},
	year = {12/27/2022},
	title = {Wie funktioniert Adas Symptomanalyse?},
	url = {https://ada.com/de/help/360000319469/%7D,
	urldate = {12/27/2022}
	}
}
	
@misc{.symptomchecker,
year = {12/27/2022},
title = {Android-Apps auf Google Play},
url = {https://play.google.com/store/apps/details?id=com.programming.progressive.diagnoseapp&gl=DE%7D},
urldate = {12/27/2022}

}

@INPROCEEDINGS{.flutterDEV,  author={Boukhary, Shady and Colmenares, Eduardo},  booktitle={2019 International Conference on Computational Science and Computational Intelligence (CSCI)},   title={A Clean Approach to Flutter Development through the Flutter Clean Architecture Package},   year={2019},  volume={},  number={},  pages={1115-1120},  doi={10.1109/CSCI49370.2019.00211}}

@article{.javadart,
	title={JAVA and DART programming languages: Conceptual comparison},
	author={Hassan, AfafMirghani},
	journal={Indonesian Journal of Electrical Engineering and Computer Science},
	volume={17},
	number={2},
	pages={845--849},
	year={2020}
}

@misc{.dartoverview,
	abstract = {A short introduction to Dart},
	year = {12/27/2022},
	title = {Dart overview},
	url = {https://dart.dev/overview%7D},
	urldate = {12/27/2022}
}

@book{.flutterinaction,
	title={Flutter in Action},
	author={Windmill, E.},
	isbn={9781638356431},
	year={2020},
	publisher={Manning}
	}
}

@misc{.flutterarchitecture,
	abstract = {A high-level overview of the architecture of Flutter, including the core principles and concepts that form its design.},
	year = {12/27/2022},
	title = {Flutter architectural overview},
	url = {https://docs.flutter.dev/resources/architectural-overview#architectural-layers%7D},
	urldate = {12/27/2022}
	
}

@book{.martin,
	title={Agile Software Development: Principles, Patterns, and Practices},
	author={Martin, R.C.},
	isbn={9780135974445},
	lccn={95022672},
	series={Alan Apt series},
	url={https://books.google.de/books?id=0HYhAQAAIAAJ},
	year={2003},
	publisher={Pearson Education}
}

@book{.flutterweb,
	title={Taking Flutter to the Web: Learn how to build cross-platform UIs for web and mobile platforms using Flutter for Web},
	author={Lohani, D.},
	isbn={9781801819138},
	url={https://books.google.de/books?id=cq6REAAAQBAJ},
	year={2022},
	publisher={Packt Publishing}
}

