% This file was created with Citavi 5.5.0.1

@book{Mitschke.2014,
 author = {Mitschke, J. and Wallentowitz, W.},
 year = {2014},
 title = {Dynamik der Kraftfahrzeuge},
 edition = {5.},
 location = {Springer Verlag},
 abstract = {}
}


@book{Romberg.2011,
 author = {Romberg, Oliver and Hinrichs, Nikolaus},
 year = {2011},
 title = {Keine Panik vor Mechanik!},
 edition = {8., {\"u}berarbeitete Auflage},
 publisher = {{Vieweg+Teubner Verlag}},
 isbn = {383481489X},
 location = {Wiesbaden},
 series = {Studium},
 abstract = {}
}


