% This file was created with Citavi 6.11.0.0

@misc{.bahn-bonn,
 year = {8/4/2022},
 title = {Corona macht rücksichtsvoller: Thema Gesundheit bei den Deutschen immer wichtiger},
 url = {https://www.bah-bonn.de/presse/bah-gesundheitsmonitor/presse-detailseite/corona-macht-ruecksichtsvoller-thema-gesundheit-bei-den-deutschen-immer-wichtiger/},
 address = {Berlin},
 urldate = {20.08.2022}
}


@misc{.adhoc,
 abstract = {Patienten sind immer interessierter an{\&}nbsp;Gesundheitsthemen. Fast jeder zweite Deutsche (44 Prozent) gibt an, sich heutzutage h{\"a}ufiger {\"u}ber Gesundheitsthemen zu informieren, als es noch vor zwei bis drei Jahren der Fall war. Nur jeder Siebte informiert sich seltener (15 Prozent). Besonders intersessiert an Gesundheitstehmen sind demnach{\&}nbsp;Frauen. Das ist das Ergebnis der repr{\"a}sentativen Umfrage des deutschen Gesundheitsmonitors des Bundesverbandes der Arzneimittel-Hersteller e.V. (BAH) im zweiten Quartal 2017.},
 author = {Adhoc, Apotheke},
 year = {8/4/2022},
 title = {Patienten-Interesse an Gesundheit steigt},
 url = {https://www.apotheke-adhoc.de/nachrichten/detail/politik/patienten-interesse-an-gesundheit-steigt-bah-gesundheitsmonitor/},
 urldate = {8/4/2022}
}

@misc{.ebm,
	abstract = {als differentialdiagnostisches Tool in ärztlicher Hand,
	wenn man bei unklaren Beschwerden nicht weiter-
	kommt, hinter denen möglicherweise eine seltene
	Erkrankung stecken könnte, auf die der arzt aufgrund
	von Wissensdefiziten nicht kommt.},
	author = {Andreas, Prof. Dr. Sönnichsen},
	year = {09/2019},
	title = {Fluch oder Segen? Symptom Checker und Diagnostik-Apps},
	url = {https://www.ebm-netzwerk.de/de/medien/pdf/ebm-kolumne-09_19.pdf},
}

@misc{.flutter,
 abstract = {Frequently asked questions and answers about Flutter.},
 editor = {Flutter},
 year = {17.08.2022},
 title = {FAQ: Should I build my next production app with Flutter?},
 url = {https://docs.flutter.dev/resources/faq#what-is-flutter},
 urldate = {20.08.2022}
}


@misc{.ibis,
 abstract = {Expert industry market research to help you make better business decisions, faster. Industry market research reports, statistics, analysis, data, trends and forecasts.},
 editor = {IBISWorld},
 year = {02.07.2021},
 title = {Gesundheitsbewusstsein},
 url = {https://www.ibisworld.com/de/bed/gesundheitsbewusstsein/409/},
 urldate = {20.08.2022}
}


@misc{.rki,
 abstract = {Regionale Verteilung der COVID-19-Fälle weltweit},
 author = {{Rober Koch Institut}},
 editor = {{Robert Koch Institut}},
 year = {19.08.2022},
 title = {COVID-19: Fallzahlen in Deutschland und weltwei: Fallzahlen in Deutschland},
 url = {https://www.rki.de/DE/Content/InfAZ/N/Neuartiges_Coronavirus/Fallzahlen.html},
 keywords = {China;Coronavirus;Hubei;Hygiene;nCoV;neuartiges Coronavirus;Risikogebiet;Wuhan},
 urldate = {20.08.2022}
}


@article{.sok,
 abstract = {Patientenstopp, {\"U}berbelastung, Zutrittsverbot: Immer wieder werden Patienten in der Pandemie~von Hausarztpraxen abgewiesen - zum Auskurieren ohne Behandlung.},
 author = {Senada, Sokollu},
 year = {5/1/2022},
 title = {{\"U}berforderung der Arztpraxen: Corona-{\"U}berlastung: Patienten schildern Grenzsituationen bei Haus{\"a}rzten},
 url = {https://www.swr.de/swraktuell/baden-wuerttemberg/patienten-im-stich-gelassen-in-corona-zeiten-100.html},
 urldate = {8/4/2022},
 journal = {SWR Aktuell},
 file = {Corona-Uberlastung Patienten schildern Grenzsituationen:Attachments/Corona-Uberlastung Patienten schildern Grenzsituationen.pdf:application/pdf}
}


@misc{.uni,
 editor = {{Universit{\"a}tsklinikum T{\"u}bingen}},
 title = {CHECK.APP},
 url = {https://www.medizin.uni-tuebingen.de/de/das-klinikum/einrichtungen/institute/allgemeinmedizin/forschung/versorgungsforschung-allgemeinmedizin/check-app},
 urldate = {20.08.2022}
}


